%------------------------------------------------------------------------------------------------
@online{online:pcblayers,
	author		  = {{\myemph{Don Rhine, UMass Lowell}}},
	title         = {{{Step 4: Using EAGLE to create a printed circuit board (PCB) layout from the schematic}}},
	year          =  2009,
	url			  = {http://www.cs.uml.edu/teams-academy/uploads/AT/PCBLayers.png},
	urldate		  = {2018-01-01}
}

@online{online:instructtoner,
	author		  = {{\myemph{The\_Technocrat, instructables}}},
	title         = {{{PCB ETCHING | TONER TRANSFER METHOD}}},
    year          =  2018,
	url			  = {http://www.instructables.com/id/PCB-ETCHING-TONER-TRANSFER-METHOD-1/},
	urldate		  = {2018-01-01}
}

@online{online:instructphoto,
	author		  = {{\myemph{synthdood, instructables}}},
	title         = {{{DIY PCB Using Liquid Photoresist}}},
    year          =  2018,
	url			  = {http://www.instructables.com/id/DIY-PCB-using-Liquid-Photoresist/},
	urldate		  = {2018-01-01}
}

@online{online:aetzen,
	author		  = {{\myemph{Markus Vohburger EDV Lösungen (Company)}}},
	title         = {{{Ätzen von Leiterplatten mit Natriumpersulfat}}},
    year          =  2018,
	url			  = {http://www.loetstelle.net/praxis/platinen_aetzen/platinen_aetzen.php},
	urldate		  = {2018-01-04}
}

@online{online:tubes,
	author		  = {{\myemph{Resource Recovery \& Waste Management Department, County of Santa Barbara}}},
	title         = {{{Fluorescent Light Tubes}}},
    year          =  2018,
	url			  = {http://www.lessismore.org/materials/102-fluorescent-light-tubes},
	urldate		  = {2018-01-04}
}

@online{online:linreg1,
	author		  = {{\myemph{Mosaic Industries, Inc.}}},
	title         = {{{Dynamically Program Voltage Regulators}}},
    year          =  2013,
	url			  = {http://www.mosaic-industries.com/embedded-systems/microcontroller-projects/electronic-circuits/program-regulator-voltage},
	urldate		  = {2018-01-05}
}

@conference{conference:buck1,
    author    	= {{{S. Iturriaga-Medina et al.}}},
    title     	= {{{A buck converter controller design in an electronic
drive for LED lighting applications}}},
    year      	= 2015,
	publisher	= {{{ROPEC}}}
}

@article{article:buck2,
    author		= {Liu, Xueshan and Zhou, Qun and Xu, Jianping and Lei, Yong and Wang, Peng and Zhu, Yingwei},
    year 		= {2017},
    month 		= {11},
    title 		= {High-Efficiency Resonant LED Backlight Driver with Passive Current Balancing and Dimming},
    booktitle = {IEEE Transactions on Industrial Electronics}
}

@article{article:revLag,
	author		= {H. Sutcliffe},
    year		= {1960},
    month		= {3},
    title		= {The Principle of Reversed Lag applied to On-Off Temperature Control},
    publisher 	= {The Institution of Electrical Engineers}
}

@article{article:onoffPLC,
	author		= {Wcislik, Miroslaw and Laskawski, Michal S.},
    year		= {2017},
    month		= {5},
    title		= {Correction Of The On-off Control System Using PLC},
    publisher 	= {IEEE}
}

@online{online:watercurve,
	author		  = {{\myemph{Valley City State University}}},
	title         = {Heating Curve for Water},
    year          =  2017,
	url			  = {https://chem.libretexts.org/LibreTexts/Valley_City_State_University/Chem_122/Chapter_2%3A_Phase_Equilibria/2.3%3A_Heating_Curves},
	urldate		  = {2018-01-09}
}

@online{online:mathModel,
	author		  = {{\myemph{Swarthmore College / Erik Cheever}}},
	title         = {Mathematical Models of Thermal Systems},
    year          =  2015,
	url			  = {https://chem.libretexts.org/LibreTexts/Valley_City_State_University/Chem_122/Chapter_2%3A_Phase_Equilibria/2.3%3A_Heating_Curves},
	urldate		  = {2018-01-09}
}
